
@book{goenka1999discourses,
  title={Discourses on satipatthana sutta},
  author={Goenka, Satya Narayan},
  publisher={Vipassana Research Institute},
  year={1999},
  ISBN={81-7414-201-0}
}

@book{goleman2017altered,
  title={Altered traits: Science reveals how meditation changes your mind, brain, and body},
  author={Goleman, Daniel and Davidson, Richard J},
  year={2017},
  publisher={Penguin},
  ISBN={9780399184390}
}

@article{davidson2015conceptual,
  title={Conceptual and methodological issues in research on mindfulness and meditation.},
  author={Davidson, Richard J and Kaszniak, Alfred W},
  journal={American Psychologist},
  volume={70},
  number={7},
  pages={581},
  year={2015},
  publisher={American Psychological Association},
  doi={10.1037/a0039512}
}

@article{hildt2019artificial,
  title={Artificial Intelligence: Does Consciousness Matter?},
  author={Hildt, Elisabeth},
  journal={Frontiers in psychology},
  volume={10},
  pages={1535},
  year={2019},
  publisher={Frontiers}
}

@article{patrik1994phenomenological,
  title={Phenomenological method and meditation},
  author={Patrik, Linda E},
  journal={Journal of Transpersonal Psychology},
  volume={26},
  pages={37--37},
  year={1994}
}

@article{deobald2017curious,
  title={Curious Mechanics (Paper One)},
  author={Deobald, Steven},
  journal={Vipassana for Hackers},
  volume={1},
  pages={37--39},
  year={2017},
}
